@article{aeberhard_experience_2015,
  title = {Experience, {{Results}} and {{Lessons Learned}} from {{Automated Driving}} on {{Germany}}'s {{Highways}}},
  author = {Aeberhard, Michael and Rauch, Sebastian and Bahram, Mohammad and Tanzmeister, Georg and Thomas, Julian and Pilat, Yves and Homm, Florian and Huber, Werner and Kaempchen, Nico},
  date = {2015-01-20},
  journaltitle = {IEEE Intelligent Transportation Systems Magazine},
  volume = {7},
  number = {1},
  pages = {42--57},
  doi = {10.1109/MITS.2014.2360306},
  annotation = {00043}
}
% == BibLateX quality report for aeberhard_experience_2015:
% ? Title looks like it was stored in title-case in Zotero
% ? unused ISSN ("1939-1390")
% ? unused Library catalog ("IEEE Xplore")

@article{althoff_set-based_2016,
  title = {Set-{{Based Prediction}} of {{Traffic Participants}} on {{Arbitrary Road Networks}}},
  author = {Althoff, Matthias and Magdici, Silvia},
  date = {2016-06},
  journaltitle = {IEEE Transactions on Intelligent Vehicles},
  volume = {1},
  number = {2},
  pages = {187--202},
  doi = {10.1109/TIV.2016.2622920},
  annotation = {00005}
}
% == BibLateX quality report for althoff_set-based_2016:
% ? Title looks like it was stored in title-case in Zotero
% ? unused ISSN ("2379-8858")
% ? unused Library catalog ("IEEE Xplore")

@report{aptiv_safety_2019,
  title = {Safety {{First}} for {{Automated Driving}}},
  author = {{Aptiv Services US, LLC} and {AUDI AG} and {Bayrische Motoren Werke AG} and {Beijing Baidu Netcom Science Technology Co., Ltd} and {Continental Teves AG \& Co oHG} and {Daimler AG} and {FCA US LLC} and {HERE Global B.V.} and {Infineon Technologies AG} and {Intel} and {Volkswagen AG}},
  date = {2019-07-02},
  location = {{Troy, MI, USA}},
  url = {https://www.mercedes-benz.com/en/innovation/safety-first-for-automated-driving/}
}
% == BibLateX quality report for aptiv_safety_2019:
% Missing required field 'type'
% Missing required field 'institution'
% ? Title looks like it was stored in title-case in Zotero

@article{ardelt_hybrides_2011,
  title = {Hybrides Steuerungs- und Regelungskonzept für das hochautomatisierte Fahren auf Autobahnen},
  author = {Ardelt, Michael and Waldmann, Peter},
  date = {2011-12-01},
  journaltitle = {at – Automatisierungstechnik},
  volume = {59},
  number = {12},
  pages = {738--750},
  publisher = {{De Gruyter}},
  doi = {10.1524/auto.2011.0961},
  langid = {german}
}
% == BibLateX quality report for ardelt_hybrides_2011:
% Unexpected field 'publisher'
% ? unused Library catalog ("www.degruyter.com")
% ? unused Url ("https://www.degruyter.com/view/journals/auto/59/12/article-p738.xml")

@article{ardelt_strategic_2010,
  title = {Strategic {{Decision-Making Process}} in {{Advanced Driver Assistance Systems}}},
  author = {Ardelt, Michael and Waldmann, Peter and Homm, Florian and Kaempchen, Nico},
  date = {2010-07-01},
  journaltitle = {IFAC Proceedings Volumes},
  shortjournal = {IFAC Proceedings Volumes},
  series = {6th {{IFAC Symposium}} on {{Advances}} in {{Automotive Control}}},
  volume = {43},
  number = {7},
  pages = {566--571},
  doi = {10.3182/20100712-3-DE-2013.00006},
  langid = {english}
}
% == BibLateX quality report for ardelt_strategic_2010:
% ? Title looks like it was stored in title-case in Zotero
% ? unused ISSN ("1474-6670")
% ? unused Library catalog ("ScienceDirect")
% ? unused Url ("http://www.sciencedirect.com/science/article/pii/S1474667015368890")

@report{avsc_best_practice_2020,
  title = {{{AVSC Best Practice}} for {{Describing}} an {{Operational Design Domain}}: {{Conceptual Framework}} and {{Lexicon}}},
  author = {{SAE International}},
  date = {2020-04-15},
  number = {AVSC00002202004},
  location = {{Warrendale, PA, USA}},
  url = {https://www.sae.org/standards/content/avsc00002202004/},
  urldate = {2021-02-26}
}
% == BibLateX quality report for avsc_best_practice_2020:
% Missing required field 'type'
% Missing required field 'institution'
% ? Title looks like it was stored in title-case in Zotero

@article{bacha_odin_2008,
  title = {Odin: {{Team}} Victortango's Entry in the Darpa Urban Challenge},
  shorttitle = {Odin},
  author = {Bacha, Andrew and Bauman, Cheryl and Faruque, Ruel and Fleming, Michael and Terwelp, Chris and Reinholtz, Charles and Hong, Dennis and Wicks, Al and Alberi, Thomas and Anderson, David},
  date = {2008},
  journaltitle = {Journal of Field Robotics},
  volume = {25},
  number = {8},
  pages = {467--492},
  doi = {10.1002/rob.20248}
}
% == BibLateX quality report for bacha_odin_2008:
% ? unused Library catalog ("Google Scholar")

@article{badue_self-driving_2021,
  title = {Self-Driving Cars: {{A}} Survey},
  shorttitle = {Self-Driving Cars},
  author = {Badue, Claudine and Guidolini, Rânik and Carneiro, Raphael Vivacqua and Azevedo, Pedro and Cardoso, Vinicius B. and Forechi, Avelino and Jesus, Luan and Berriel, Rodrigo and Paixão, Thiago M. and Mutz, Filipe and family=Paula Veronese, given=Lucas, prefix=de, useprefix=true and Oliveira-Santos, Thiago and De Souza, Alberto F.},
  date = {2021-03-01},
  journaltitle = {Expert Systems with Applications},
  shortjournal = {Expert Systems with Applications},
  volume = {165},
  pages = {113816},
  doi = {10.1016/j.eswa.2020.113816},
  langid = {english},
  annotation = {This journal has only volumes, no issues}
}
% == BibLateX quality report for badue_self-driving_2021:
% ? unused ISSN ("0957-4174")

@inproceedings{bagnell_integrated_2012,
  title = {An Integrated System for Autonomous Robotics Manipulation},
  booktitle = {International {{Conference}} on {{Intelligent Robots}} and {{Systems}}},
  author = {Bagnell, J. A. and Cavalcanti, F. and Cui, L. and Galluzzo, T. and Hebert, M. and Kazemi, M. and Klingensmith, M. and Libby, J. and Liu, T. Y. and Pollard, N. and Pivtoraiko, M. and Valois, J. and Zhu, R.},
  date = {2012-10},
  pages = {2955--2962},
  publisher = {{IEEE/RSJ}},
  location = {{Vilamoura, Portugal}},
  doi = {10.1109/IROS.2012.6385888}
}
% == BibLateX quality report for bagnell_integrated_2012:
% ? Unsure about the formatting of the booktitle
% ? unused ISSN ("2153-0866")
% ? unused Library catalog ("IEEE Xplore")

@inproceedings{bansal_chauffeurnet_2019,
  title = {{{ChauffeurNet}}: {{Learning}} to {{Drive}} by {{Imitating}} the {{Best}} and {{Synthesizing}} the {{Worst}}},
  booktitle = {Proceedings of Robotics: {{Science}} and Systems},
  author = {Bansal, Mayank and Krizhevsky, Alex and Ogale, Abhijit},
  date = {2019-06},
  location = {{Freiburg, Deutschland}},
  doi = {10.15607/RSS.2019.XV.031}
}
% == BibLateX quality report for bansal_chauffeurnet_2019:
% ? Title looks like it was stored in title-case in Zotero

@inproceedings{banzhaf_footprints_2018,
  title = {From {{Footprints}} to {{Beliefprints}}: {{Motion Planning}} under {{Uncertainty}} for {{Maneuvering Automated Vehicles}} in {{Dense Scenarios}}},
  shorttitle = {From {{Footprints}} to {{Beliefprints}}},
  booktitle = {International {{Conference}} on {{Intelligent Transportation Systems}}},
  author = {Banzhaf, Holger and Dolgov, Maxim and Stellet, Jan and Zöllner, J. Marius},
  date = {2018-11},
  pages = {1680--1687},
  publisher = {{IEEE}},
  location = {{Maui, Hawaii, USA}},
  doi = {10.1109/ITSC.2018.8569897}
}
% == BibLateX quality report for banzhaf_footprints_2018:
% ? Unsure about the formatting of the booktitle
% ? Title looks like it was stored in title-case in Zotero
% ? unused Library catalog ("IEEE Xplore")

@inproceedings{banzhaf_future_2017,
  title = {The Future of Parking: {{A}} Survey on Automated Valet Parking with an Outlook on High Density Parking},
  shorttitle = {The Future of Parking},
  booktitle = {Intelligent {{Vehicles Symposium}}},
  author = {Banzhaf, Holger and Nienhüser, Dennis and Knoop, Steffen and Zöllner, J. Marius},
  date = {2017-06},
  pages = {1827--1834},
  publisher = {{IEEE}},
  location = {{Redondo Beach, CA, USA}},
  doi = {10.1109/IVS.2017.7995971}
}
% == BibLateX quality report for banzhaf_future_2017:
% ? Unsure about the formatting of the booktitle
% ? unused Library catalog ("IEEE Xplore")

@incollection{bartels_querfuhrungsassistenz_2015,
  title = {Querführungsassistenz},
  booktitle = {Handbuch Fahrerassistenzsysteme},
  author = {Bartels, Arne and Rohlfs, Michael and Hamel, Sebastian and Saust, Falko and Klauske, Lars Kristian},
  editor = {Winner, Hermann and Hakuli, Stephan and Lotz, Felix and Singer, Christina},
  date = {2015},
  series = {ATZ/MTZ-Fachbuch},
  pages = {937--957},
  publisher = {{Springer Fachmedien}},
  location = {{Wiesbaden, Deutschland}},
  doi = {10.1007/978-3-658-05734-3_49},
  langid = {german}
}
% == BibLateX quality report for bartels_querfuhrungsassistenz_2015:
% ? unused ISBN ("978-3-658-05734-3")
% ? unused Library catalog ("Springer Link")
% ? unused Url ("https://doi.org/10.1007/978-3-658-05734-3_49")

@inproceedings{bender_combinatorial_2015,
  title = {The Combinatorial Aspect of Motion Planning: {{Maneuver}} Variants in Structured Environments},
  shorttitle = {The Combinatorial Aspect of Motion Planning},
  booktitle = {Intelligent {{Vehicles Symposium}}},
  author = {Bender, Philipp and Taş, Ömer Şahin and Ziegler, Julius and Stiller, Christoph},
  date = {2015},
  pages = {1386--1392},
  publisher = {{IEEE}},
  location = {{Seoul, Korea}},
  doi = {10.1109/IVS.2015.7225909},
  annotation = {00008}
}
% == BibLateX quality report for bender_combinatorial_2015:
% ? Unsure about the formatting of the booktitle
% ? unused Library catalog ("Google Scholar")

@article{bengler_three_2014,
  title = {Three {{Decades}} of {{Driver Assistance Systems}}: {{Review}} and {{Future Perspectives}}},
  shorttitle = {Three {{Decades}} of {{Driver Assistance Systems}}},
  author = {Bengler, K. and Dietmayer, K. and Farber, B. and Maurer, M. and Stiller, C. and Winner, H.},
  date = {2014-10-27},
  journaltitle = {IEEE Intelligent Transportation Systems Magazine},
  volume = {6},
  number = {4},
  pages = {6--22},
  doi = {10.1109/MITS.2014.2336271},
  annotation = {00151}
}
% == BibLateX quality report for bengler_three_2014:
% ? Title looks like it was stored in title-case in Zotero
% ? unused ISSN ("1939-1390")
% ? unused Library catalog ("IEEE Xplore")

@inproceedings{bouraine_passively_2014,
  title = {Passively Safe Partial Motion Planning for Mobile Robots with Limited Field-of-Views in Unknown Dynamic Environments},
  booktitle = {International {{Conference}} on {{Robotics}} and {{Automation}}},
  author = {Bouraine, S. and Fraichard, T. and Azouaoui, O. and Salhi, H.},
  date = {2014-05},
  pages = {3576--3582},
  publisher = {{IEEE}},
  location = {{Hongkong, China}},
  doi = {10.1109/ICRA.2014.6907375}
}
% == BibLateX quality report for bouraine_passively_2014:
% ? Unsure about the formatting of the booktitle
% ? unused Library catalog ("IEEE Xplore")

@inproceedings{bouton_cooperation-aware_2019,
  title = {Cooperation-{{Aware Reinforcement Learning}} for {{Merging}} in {{Dense Traffic}}},
  booktitle = {Intelligent {{Transportation Systems Conference}}},
  author = {Bouton, Maxime and Nakhaei, Alireza and Fujimura, Kikuo and Kochenderfer, Mykel J.},
  date = {2019-10},
  pages = {3441--3447},
  publisher = {{IEEE}},
  location = {{Auckland, Neuseeland}},
  doi = {10.1109/ITSC.2019.8916924}
}
% == BibLateX quality report for bouton_cooperation-aware_2019:
% ? Unsure about the formatting of the booktitle
% ? Title looks like it was stored in title-case in Zotero
% ? unused Library catalog ("IEEE Xplore")

@inproceedings{brechtel_probabilistic_2014,
  title = {Probabilistic Decision-Making under Uncertainty for Autonomous Driving Using Continuous {{POMDPs}}},
  booktitle = {Conference on {{Intelligent Transportation Systems}}},
  author = {Brechtel, S. and Gindele, T. and Dillmann, R.},
  date = {2014-10},
  pages = {392--399},
  publisher = {{IEEE}},
  location = {{Qingdao, China}},
  doi = {10.1109/ITSC.2014.6957722},
  annotation = {00031}
}
% == BibLateX quality report for brechtel_probabilistic_2014:
% ? Unsure about the formatting of the booktitle
% ? unused Library catalog ("IEEE Xplore")

@article{brooks_robust_1986,
  title = {A Robust Layered Control System for a Mobile Robot},
  author = {Brooks, R.},
  date = {1986-03},
  journaltitle = {IEEE Journal on Robotics and Automation},
  volume = {2},
  number = {1},
  pages = {14--23},
  doi = {10.1109/JRA.1986.1087032}
}
% == BibLateX quality report for brooks_robust_1986:
% ? unused Library catalog ("IEEE Xplore")

@report{bsi_vocabulary,
  title = {{{BSI Connected}} and Automated Vehicles – {{Vocabulary}}},
  author = {{BSI Standards Limited}},
  date = {2020-10},
  number = {BSI Flex 1890},
  location = {{London, Vereinigtes Königreich}},
  url = {https://www.bsigroup.com/globalassets/localfiles/en-gb/cav/bsi-flex-1890-v3-2020-10.pdf},
  urldate = {2022-05-04}
}
% == BibLateX quality report for bsi_vocabulary:
% Missing required field 'type'
% Missing required field 'institution'

@inproceedings{burger_rating_2017,
  title = {Rating Cooperative Driving: {{A}} Scheme for Behavior Assessment},
  shorttitle = {Rating Cooperative Driving},
  booktitle = {Conference on {{Intelligent Transportation Systems}}},
  author = {Burger, Christoph and Orzechowski, Piotr F. and Taş, Ömer Şahin and Stiller, Christoph},
  date = {2017-10},
  pages = {1--6},
  publisher = {{IEEE}},
  location = {{Yokohama, Japan}},
  doi = {10.1109/ITSC.2017.8317794}
}
% == BibLateX quality report for burger_rating_2017:
% ? Unsure about the formatting of the booktitle
% ? unused Library catalog ("IEEE Xplore")

@book{carmo_differential_2016,
  title = {Differential {{Geometry}} of {{Curves}} and {{Surfaces}}},
  shorttitle = {Differential {{Geometry}} of {{Curves}} and {{Surfaces}}},
  author = {family=Carmo, given=Manfredo P., prefix=do, useprefix=false},
  date = {2016-12-14},
  edition = {Revised \& updated second edition},
  publisher = {{Dover Publications}},
  location = {{Mineola, New York, USA}},
  pagetotal = {510}
}
% == BibLateX quality report for carmo_differential_2016:
% ? Title looks like it was stored in title-case in Zotero
% ? unused ISBN ("978-0-486-80699-0")

@inproceedings{casas_mp3_2021,
  title = {{{MP3}}: {{A Unified Model}} to {{Map}}, {{Perceive}}, {{Predict}} and {{Plan}}},
  shorttitle = {{{MP3}}},
  booktitle = {Conference on {{Computer Vision}} and {{Pattern Recognition}}},
  author = {Casas, Sergio and Sadat, Abbas and Urtasun, Raquel},
  date = {2021-06},
  pages = {14398--14407},
  publisher = {{IEEE/CVF}},
  location = {{Nashville, TN, USA}},
  doi = {10.1109/CVPR46437.2021.01417}
}
% == BibLateX quality report for casas_mp3_2021:
% ? Unsure about the formatting of the booktitle
% ? Title looks like it was stored in title-case in Zotero
% ? unused ISSN ("2575-7075")
% ? unused Library catalog ("IEEE Xplore")

@inproceedings{chen_model-free_2019,
  title = {Model-Free {{Deep Reinforcement Learning}} for {{Urban Autonomous Driving}}},
  booktitle = {Intelligent {{Transportation Systems Conference}}},
  author = {Chen, Jianyu and Yuan, Bodi and Tomizuka, Masayoshi},
  date = {2019-10},
  pages = {2765--2771},
  publisher = {{IEEE}},
  location = {{Auckland, Neuseeland}},
  doi = {10.1109/ITSC.2019.8917306}
}
% == BibLateX quality report for chen_model-free_2019:
% ? Unsure about the formatting of the booktitle
% ? unused Library catalog ("IEEE Xplore")

@article{chung_safe_2009,
  title = {Safe {{Navigation}} of a {{Mobile Robot Considering Visibility}} of {{Environment}}},
  author = {Chung, W. and Kim, S. and Choi, M. and Choi, J. and Kim, H. and family=Moon, given=C., prefix=b, useprefix=false and Song, J. B.},
  date = {2009-10},
  journaltitle = {IEEE Transactions on Industrial Electronics},
  volume = {56},
  number = {10},
  pages = {3941--3950},
  doi = {10.1109/TIE.2009.2025293}
}
% == BibLateX quality report for chung_safe_2009:
% ? Title looks like it was stored in title-case in Zotero
% ? unused ISSN ("0278-0046")
% ? unused Library catalog ("IEEE Xplore")

@book{colledanchise_behavior_2018,
  title = {Behavior {{Trees}} in {{Robotics}} and {{AI}}: {{An Introduction}}},
  shorttitle = {Behavior {{Trees}} in {{Robotics}} and {{AI}}},
  author = {Colledanchise, Michele and Ögren, Petter},
  date = {2018-07-20},
  publisher = {{CRC Press}},
  location = {{Boca Raton, FL, USA}},
  doi = {10.1201/9780429489105},
  langid = {english}
}
% == BibLateX quality report for colledanchise_behavior_2018:
% ? Title looks like it was stored in title-case in Zotero
% ? unused ISBN ("978-0-429-48910-5")
% ? unused Library catalog ("www.taylorfrancis.com")
% ? unused Url ("https://www.taylorfrancis.com/books/9780429489105")

@article{colledanchise_how_2017,
  title = {How {{Behavior Trees Modularize Hybrid Control Systems}} and {{Generalize Sequential Behavior Compositions}}, the {{Subsumption Architecture}}, and {{Decision Trees}}},
  author = {Colledanchise, M. and Ögren, P.},
  date = {2017-04},
  journaltitle = {IEEE Transactions on Robotics},
  volume = {33},
  number = {2},
  pages = {372--389},
  doi = {10.1109/TRO.2016.2633567},
  eventtitle = {{{IEEE Transactions}} on {{Robotics}}}
}
% == BibLateX quality report for colledanchise_how_2017:
% Unexpected field 'eventtitle'
% ? Title looks like it was stored in title-case in Zotero
% ? unused ISSN ("1941-0468")
% ? unused Library catalog ("IEEE Xplore")

@book{dahl_structured_1972,
  title = {Structured Programming},
  editor = {Dahl, O. J. and Dijkstra, E. W. and Hoare, C. A. R.},
  date = {1972},
  publisher = {{Academic Press Ltd.}},
  location = {{London, Vereinigtes Königreich}},
  pagetotal = {234}
}
% == BibLateX quality report for dahl_structured_1972:
% Missing required field 'author'
% ? unused ISBN ("978-0-12-200550-3")
% ? unused Library catalog ("ACM Digital Library")

@online{daimler_drive_pilot,
  title = {Hochautomatisiertes Fahren mit dem DRIVE PILOT},
  author = {{Mercedes-Benz Online-Magazin}},
  date = {2021-07-29},
  url = {https://www.daimler.com/magazin/technologie-innovation/einfach-technik-drive-pilot.html},
  urldate = {2021-12-03},
  langid = {german}
}

@report{daimler_reinventing_2018,
  title = {Reinventing {{Safety}}: {{A Joint Approach}} to {{Automated Driving Systems}}},
  author = {{Mercedes-Benz Research \& Development North America, Inc.} and {Robert Bosch LLC}},
  date = {2018-12},
  location = {{Sunnyvale, CA, USA}}
}
% == BibLateX quality report for daimler_reinventing_2018:
% Missing required field 'type'
% Missing required field 'institution'
% ? Title looks like it was stored in title-case in Zotero

@inproceedings{danielis_realtime_ethernet_survey_2014,
  title = {Survey on Real-Time Communication via Ethernet in Industrial Automation Environments},
  booktitle = {Emerging {{Technology}} and {{Factory Automation}}},
  author = {Danielis, Peter and Skodzik, Jan and Altmann, Vlado and Schweissguth, Eike Bjoern and Golatowski, Frank and Timmermann, Dirk and Schacht, Joerg},
  date = {2014-09},
  pages = {1--8},
  publisher = {{IEEE}},
  location = {{Barcelona, Spanien}},
  doi = {10.1109/ETFA.2014.7005074}
}
% == BibLateX quality report for danielis_realtime_ethernet_survey_2014:
% ? Unsure about the formatting of the booktitle
% ? unused ISSN ("1946-0759")
% ? unused Library catalog ("IEEE Xplore")

@article{debada_occlusion-aware_2021,
  title = {Occlusion-{{Aware Motion Planning}} at {{Roundabouts}}},
  author = {Debada, Ezequiel and Ung, Adeline and Gillet, Denis},
  date = {2021-06},
  journaltitle = {IEEE Transactions on Intelligent Vehicles},
  volume = {6},
  number = {2},
  pages = {276--287},
  doi = {10.1109/TIV.2020.3019211},
  eventtitle = {{{IEEE Transactions}} on {{Intelligent Vehicles}}}
}
% == BibLateX quality report for debada_occlusion-aware_2021:
% Unexpected field 'eventtitle'
% ? Title looks like it was stored in title-case in Zotero
% ? unused ISSN ("2379-8904")
% ? unused Library catalog ("IEEE Xplore")

@article{dickmann_making_2015,
  title = {Making {{Bertha See Even More}}: {{Radar Contribution}}},
  shorttitle = {Making {{Bertha See Even More}}},
  author = {Dickmann, J. and Appenrodt, N. and Klappstein, J. and Bloecher, H. L. and Muntzinger, M. and Sailer, A. and Hahn, M. and Brenk, C.},
  date = {2015},
  journaltitle = {IEEE Access},
  volume = {3},
  pages = {1233--1247},
  doi = {10.1109/ACCESS.2015.2454533},
  annotation = {00006}
}
% == BibLateX quality report for dickmann_making_2015:
% ? Title looks like it was stored in title-case in Zotero
% ? unused ISSN ("2169-3536")
% ? unused Library catalog ("IEEE Xplore")

@article{dijkstra_letters_1968,
  title = {Letters to the Editor: Go to Statement Considered Harmful},
  shorttitle = {Letters to the Editor},
  author = {Dijkstra, Edsger W.},
  date = {1968-03-01},
  journaltitle = {Communications of the ACM},
  shortjournal = {Commun. ACM},
  volume = {11},
  number = {3},
  pages = {147--148},
  doi = {10.1145/362929.362947}
}
% == BibLateX quality report for dijkstra_letters_1968:
% ? unused ISSN ("0001-0782")
% ? unused Library catalog ("March 1968")
% ? unused Url ("https://doi.org/10.1145/362929.362947")

@report{DIN60812_FMEA,
  title = {Analysetechniken für die Funktionsfähigkeit von Systemen - Verfahren für die Fehlzustandsart- und -auswirkungsanalyse (FMEA)},
  shorttitle = {DIN EN 60812},
  author = {{DIN Deutsches Institut für Normung e.V.}},
  date = {2006-11},
  number = {DIN EN 60812},
  institution = {{Beuth Verlag GmbH}},
  location = {{Berlin, Deutschland}},
  doi = {10.31030/9771315},
  langid = {german}
}
% == BibLateX quality report for DIN60812_FMEA:
% Missing required field 'type'
% ? unused Url ("https://dx.doi.org/10.31030/9771315")

@report{DIN61025_FTA,
  title = {Fehlzustandsbaumanalyse},
  shorttitle = {DIN EN 61025},
  author = {{DIN Deutsches Institut für Normung e.V.}},
  date = {2007-08},
  number = {DIN EN 61025},
  institution = {{Beuth Verlag GmbH}},
  location = {{Berlin, Deutschland}},
  doi = {10.31030/9862300},
  langid = {german}
}
% == BibLateX quality report for DIN61025_FTA:
% Missing required field 'type'
% ? unused Url ("https://www.beuth.de/de/-/-/99756694")

@article{dolgov_path_2010,
  title = {Path {{Planning}} for {{Autonomous Vehicles}} in {{Unknown Semi-structured Environments}}},
  author = {Dolgov, Dmitri and Thrun, Sebastian and Montemerlo, Michael and Diebel, James},
  date = {2010-04-01},
  journaltitle = {The International Journal of Robotics Research},
  shortjournal = {The International Journal of Robotics Research},
  volume = {29},
  number = {5},
  pages = {485--501},
  publisher = {{SAGE Publications Ltd STM}},
  doi = {10.1177/0278364909359210},
  langid = {english}
}
% == BibLateX quality report for dolgov_path_2010:
% Unexpected field 'publisher'
% ? unused ISSN ("0278-3649")
% ? unused Library catalog ("SAGE Journals")
% ? unused Url ("https://doi.org/10.1177/0278364909359210")

@thesis{drewes_verkehrssicherheit_2009,
  type = {phdthesis},
  title = {Verkehrssicherheit Im Systemischen {{Kontext}}},
  author = {Drewes, Jörn},
  date = {2009-09-03},
  institution = {{Technische Universität Braunschweig}},
  location = {{Braunschweig, Deutschland}},
  doi = {10.24355/dbbs.084-201001071044-0}
}
% == BibLateX quality report for drewes_verkehrssicherheit_2009:
% ? unused Type ("doctoral dissertation")
% ? unused Url ("http://www.digibib.tu-bs.de/?docid=00031800")

@report{dribbusch_lange_2014,
  type = {Lohnspiegel},
  title = {Lange Arbeitszeiten, bescheidener Verdienst: Berufskraftfahrer im Güterverkehr},
  author = {Dribbusch, Heiner and Kaun, Lena and Stoll, Evelyn},
  date = {2014-09},
  number = {Arbeitspapier 27},
  institution = {{Hans-Böckler-Stiftung}},
  location = {{Düsseldorf, Deutschland}},
  url = {https://www.lohnspiegel.de/berufskraftfahrer-13917.htm},
  urldate = {2022-03-26},
  langid = {german}
}

@book{dubrova_fault-tolerant_2013,
  title = {Fault-{{Tolerant Design}}},
  author = {Dubrova, Elena},
  date = {2013},
  publisher = {{Springer-Verlag}},
  location = {{New York, NY, USA}},
  doi = {10.1007/978-1-4614-2113-9},
  langid = {english}
}
% == BibLateX quality report for dubrova_fault-tolerant_2013:
% ? Title looks like it was stored in title-case in Zotero
% ? unused ISBN ("978-1-4614-2112-2")
% ? unused Library catalog ("www.springer.com")
% ? unused Url ("https://www.springer.com/gp/book/9781461421122")

@book{echtle_fehlertoleranzverfahren_1990,
  title = {Fehlertoleranzverfahren},
  author = {Echtle, Klaus},
  date = {1990},
  series = {Studienreihe Informatik},
  publisher = {{Springer-Verlag}},
  location = {{Berlin, Deutschland}},
  doi = {10.1007/978-3-642-75765-5},
  langid = {german}
}
% == BibLateX quality report for echtle_fehlertoleranzverfahren_1990:
% ? unused ISBN ("978-3-540-52680-3")
% ? unused Library catalog ("www.springer.com")
% ? unused Url ("https://www.springer.com/de/book/9783540526803")

@inproceedings{franke_making_2013,
  title = {Making {{Bertha See}}},
  booktitle = {International {{Conference}} on {{Computer Vision Workshops}}},
  author = {Franke, U. and Pfeiffer, D. and Rabe, C. and Knoeppel, C. and Enzweiler, M. and Stein, F. and Herrtwich, R. G.},
  date = {2013-12},
  pages = {214--221},
  publisher = {{IEEE}},
  location = {{Sydney, Australien}},
  doi = {10.1109/ICCVW.2013.36},
  annotation = {00069}
}
% == BibLateX quality report for franke_making_2013:
% ? Unsure about the formatting of the booktitle
% ? Title looks like it was stored in title-case in Zotero
% ? unused Library catalog ("IEEE Xplore")

@audio{fuchs_hartetest_2018,
  title = {Härtetest für Fahrroboter – Das Testfeld Autonomes Fahren Baden-Württemberg wurde in Karlsruhe eingeweiht – KIT Campusreport},
  author = {Fuchs, Stefan},
  date = {2018-05-22},
  number = {851},
  doi = {10.5445/DIVA/2018-334},
  editora = {Zöllner, J. Marius},
  editoratype = {collaborator},
  langid = {german}
}
% == BibLateX quality report for fuchs_hartetest_2018:
% Unexpected field 'title'
% Unexpected field 'author'
% Unexpected field 'number'
% Unexpected field 'editora'
% Unexpected field 'editoratype'

@article{gammell_asymptotically_2021,
  title = {Asymptotically {{Optimal Sampling-Based Motion Planning Methods}}},
  author = {Gammell, Jonathan D. and Strub, Marlin P.},
  date = {2021},
  journaltitle = {Annual Review of Control, Robotics, and Autonomous Systems},
  volume = {4},
  number = {1},
  pages = {295--318},
  doi = {10.1146/annurev-control-061920-093753}
}
% == BibLateX quality report for gammell_asymptotically_2021:
% ? Title looks like it was stored in title-case in Zotero
% ? unused Library catalog ("Annual Reviews")
% ? unused Url ("https://doi.org/10.1146/annurev-control-061920-093753")

@book{gesetz_zum_autonomen_fahren,
  title = {Gesetz zur Änderung des Straßenverkehrsgesetzes und des Pflichtversicherungsgesetzes – Gesetz zum autonomen Fahren},
  author = {{Bundesministerium der Justiz}},
  date = {2021-07-27},
  series = {Bundesgesetzblatt},
  number = {Jahrgang 2021 Teil I Nr. 48},
  location = {{Bonn, Deutschland}},
  langid = {german}
}

@article{golem_drive_pilot,
  title = {Autonomes Fahren: Staupilot von Mercedes verzögert sich offenbar},
  shorttitle = {Autonomes Fahren},
  author = {Greis, Friedhelm},
  date = {2021-08-11},
  journaltitle = {Golem.de},
  location = {{Berlin, Deutschland}},
  url = {https://www.golem.de/news/autonomes-fahren-staupilot-von-mercedes-verzoegert-sich-offenbar-2111-160923.html},
  urldate = {2021-12-03},
  entrysubtype = {newspaper},
  langid = {german}
}
% == BibLateX quality report for golem_drive_pilot:
% Unexpected field 'location'
% ? Possibly abbreviated journal title Golem.de

@article{gonzalez_review_2016,
  title = {A {{Review}} of {{Motion Planning Techniques}} for {{Automated Vehicles}}},
  author = {González, D. and Pérez, J. and Milanés, V. and Nashashibi, F.},
  date = {2016-04},
  journaltitle = {IEEE Transactions on Intelligent Transportation Systems},
  volume = {17},
  number = {4},
  pages = {1135--1145},
  doi = {10.1109/TITS.2015.2498841},
  annotation = {00039}
}
% == BibLateX quality report for gonzalez_review_2016:
% ? Title looks like it was stored in title-case in Zotero
% ? unused ISSN ("1524-9050")
% ? unused Library catalog ("IEEE Xplore")

@article{gotzke_ende_2022,
  title = {Das Ende der Truckerromantik – Ausbeutung auf der Autobahn},
  author = {Götzke, Manfred},
  date = {2022-02-19},
  journaltitle = {Deutschlandfunk. Das Wochenendjournal},
  location = {{Köln, Deutschland}},
  url = {https://www.deutschlandfunk.de/das-ende-der-truckerromantik-ausbeutung-auf-der-autobahn-dlf-713fdec2-100.html},
  urldate = {2022-03-26},
  entrysubtype = {newspaper},
  langid = {german}
}
% == BibLateX quality report for gotzke_ende_2022:
% Unexpected field 'location'
% ? Possibly abbreviated journal title Deutschlandfunk. Das Wochenendjournal

@audio{gotzke_ende_2022_radio,
  title = {Das Ende der Truckerromantik – Ausbeutung auf der Autobahn},
  author = {Götzke, Manfred},
  date = {2022-02-19},
  journaltitle = {Das Wochenendjournal},
  publisher = {{Deutschlandfunk}},
  location = {{Köln, Deutschland}},
  url = {https://www.deutschlandfunk.de/das-ende-der-truckerromantik-ausbeutung-auf-der-autobahn-dlf-713fdec2-100.html},
  urldate = {2022-03-26},
  langid = {german}
}
% == BibLateX quality report for gotzke_ende_2022_radio:
% Unexpected field 'title'
% Unexpected field 'author'
% Unexpected field 'journaltitle'
% Unexpected field 'publisher'
% Unexpected field 'location'

@article{gutjahr_lateral_2017,
  title = {Lateral {{Vehicle Trajectory Optimization Using Constrained Linear Time-Varying MPC}}},
  author = {Gutjahr, B. and Gröll, L. and Werling, M.},
  date = {2017-06},
  journaltitle = {IEEE Transactions on Intelligent Transportation Systems},
  volume = {18},
  number = {6},
  pages = {1586--1595},
  doi = {10.1109/TITS.2016.2614705}
}
% == BibLateX quality report for gutjahr_lateral_2017:
% ? Title looks like it was stored in title-case in Zotero
% ? unused ISSN ("1524-9050")
% ? unused Library catalog ("IEEE Xplore")

@software{HFSM2,
  title = {High-{{Performance Hierarchical Finite State Machine}}},
  author = {Gresyk, Andrew},
  date = {2021-01},
  url = {https://hfsm.dev},
  urldate = {2021-01-18},
  version = {1.8.0}
}
% == BibLateX quality report for HFSM2:
% ? Title looks like it was stored in title-case in Zotero

@inproceedings{hoermann_entering_2017,
  title = {Entering Crossroads with Blind Corners. {{A}} Safe Strategy for Autonomous Vehicles},
  booktitle = {Intelligent {{Vehicles Symposium}}},
  author = {Hoermann, S. and Kunz, F. and Nuss, D. and Reuter, S. and Dietmayer, K.},
  date = {2017-06},
  pages = {727--732},
  publisher = {{IEEE}},
  location = {{Redondo Beach, CA, USA}},
  doi = {10.1109/IVS.2017.7995803}
}
% == BibLateX quality report for hoermann_entering_2017:
% ? Unsure about the formatting of the booktitle
% ? unused Library catalog ("IEEE Xplore")

@book{hopcroft_introduction_2007,
  title = {Introduction to {{Automata Theory}}, {{Languages}}, and {{Computation}}},
  author = {Hopcroft, John E. and Motwani, Rajeev and Ullman, Jeffrey D.},
  date = {2007},
  edition = {3rd},
  publisher = {{Pearson Addison Wesley}},
  location = {{Boston, MA, USA}},
  url = {https://doi.org/10.1145/568438.568455},
  pagetotal = {535}
}
% == BibLateX quality report for hopcroft_introduction_2007:
% ? Title looks like it was stored in title-case in Zotero
% ? unused ISBN ("0-321-45536-3")
% ? unused Library catalog ("March 2001")

@article{hubmann_automated_2018,
  title = {Automated {{Driving}} in {{Uncertain Environments}}: {{Planning With Interaction}} and {{Uncertain Maneuver Prediction}}},
  shorttitle = {Automated {{Driving}} in {{Uncertain Environments}}},
  author = {Hubmann, C. and Schulz, J. and Becker, M. and Althoff, D. and Stiller, C.},
  date = {2018-03},
  journaltitle = {IEEE Transactions on Intelligent Vehicles},
  volume = {3},
  number = {1},
  pages = {5--17},
  doi = {10.1109/TIV.2017.2788208}
}
% == BibLateX quality report for hubmann_automated_2018:
% ? Title looks like it was stored in title-case in Zotero
% ? unused ISSN ("2379-8904")
% ? unused Library catalog ("IEEE Xplore")

@inproceedings{hubmann_belief_2018,
  title = {A {{Belief State Planner}} for {{Interactive Merge Maneuvers}} in {{Congested Traffic}}},
  booktitle = {International {{Conference}} on {{Intelligent Transportation Systems}}},
  author = {Hubmann, Constantin and Schulz, Jens and Xu, Gavin and Althoff, Daniel and Stiller, Christoph},
  date = {2018-11},
  pages = {1617--1624},
  publisher = {{IEEE}},
  location = {{Maui, Hawaii, USA}},
  doi = {10.1109/ITSC.2018.8569729}
}
% == BibLateX quality report for hubmann_belief_2018:
% ? Unsure about the formatting of the booktitle
% ? Title looks like it was stored in title-case in Zotero
% ? unused ISSN ("2153-0009")
% ? unused Library catalog ("IEEE Xplore")

@inproceedings{hubmann_pomdp_2019,
  title = {A {{POMDP Maneuver Planner For Occlusions}} in {{Urban Scenarios}}},
  booktitle = {Intelligent {{Vehicles Symposium}}},
  author = {Hubmann, Constantin and Quetschlich, Nils and Schulz, Jens and Bernhard, Julian and Althoff, Daniel and Stiller, Christoph},
  date = {2019-06},
  pages = {2172--2179},
  publisher = {{IEEE}},
  location = {{Paris, Frankreich}},
  doi = {10.1109/IVS.2019.8814179}
}
% == BibLateX quality report for hubmann_pomdp_2019:
% ? Unsure about the formatting of the booktitle
% ? Title looks like it was stored in title-case in Zotero
% ? unused ISSN ("2642-7214")
% ? unused Library catalog ("IEEE Xplore")

@article{intelligent_driver_model,
  title = {Congested Traffic States in Empirical Observations and Microscopic Simulations},
  author = {Treiber, Martin and Hennecke, Ansgar and Helbing, Dirk},
  date = {2000-08-01},
  journaltitle = {Physical Review E},
  shortjournal = {Phys. Rev. E},
  volume = {62},
  number = {2},
  pages = {1805--1824},
  doi = {10.1103/PhysRevE.62.1805},
  annotation = {01530}
}
% == BibLateX quality report for intelligent_driver_model:
% ? unused Library catalog ("APS")
% ? unused Url ("https://link.aps.org/doi/10.1103/PhysRevE.62.1805")

@article{iovino_survey_2022,
  title = {A {{Survey}} of {{Behavior Trees}} in {{Robotics}} and {{AI}}},
  author = {Iovino, Matteo and Scukins, Edvards and Styrud, Jonathan and Ögren, Petter and Smith, Christian},
  date = {2022-08},
  journaltitle = {Robotics and Autonomous Systems},
  volume = {154},
  eprint = {2005.05842},
  eprinttype = {arxiv},
  pages = {104096},
  doi = {10.1016/j.robot.2022.104096},
  archiveprefix = {arXiv},
  version = {2}
}
% == BibLateX quality report for iovino_survey_2022:
% Unexpected field 'archiveprefix'
% ? Title looks like it was stored in title-case in Zotero
% ? unused DOI ("https://doi.org/10.1016/j.robot.2022.104096")

@article{isaac_team_2008,
  title = {Team {{Cornell}}'s {{Skynet}}: {{Robust}} Perception and Planning in an Urban Environment},
  shorttitle = {Team {{Cornell}}'s {{Skynet}}},
  author = {Isaac, Miller and Mark, Campbell and Dan, Huttenlocher and Frank-Robert, Kline and Aaron, Nathan and {Lupashin Sergei} and {Catlin Jason} and {Schimpf Brian} and {Moran Pete} and {Zych Noah} and {Garcia Ephrahim} and {Kurdziel Mike} and {Fujishima Hikaru}},
  date = {2008-07-23},
  journaltitle = {Journal of Field Robotics},
  shortjournal = {Journal of Field Robotics},
  volume = {25},
  number = {8},
  pages = {493--527},
  doi = {10.1002/rob.20253}
}
% == BibLateX quality report for isaac_team_2008:
% ? unused ISSN ("1556-4959")
% ? unused Library catalog ("onlinelibrary.wiley.com (Atypon)")
% ? unused Url ("https://onlinelibrary.wiley.com/doi/full/10.1002/rob.20253")

@report{ISO21448_SOTIF,
  title = {Road Vehicles — {{Safety}} of the Intended Functionality},
  author = {{ISO International Organization for Standardization}},
  date = {2019-01},
  number = {ISO/PAS 21448:2019},
  location = {{Genf, Schweiz}},
  url = {https://www.iso.org/standard/70939.html}
}
% == BibLateX quality report for ISO21448_SOTIF:
% Missing required field 'type'
% Missing required field 'institution'

@report{ISO22736,
  title = {Taxonomy and Definitions for Terms Related to Driving Automation Systems for On-Road Motor Vehicles},
  author = {{ISO International Organization for Standardization}},
  date = {2021-08},
  number = {ISO/SAE PAS 22736:2021},
  location = {{Genf, Schweiz}},
  url = {https://www.iso.org/standard/73766.html}
}
% == BibLateX quality report for ISO22736:
% Missing required field 'type'
% Missing required field 'institution'

@report{ISO26262_fusi,
  title = {Road Vehicles — {{Functional}} Safety},
  author = {{ISO International Organization for Standardization}},
  date = {2018-12},
  number = {ISO 26262},
  location = {{Genf, Schweiz}},
  url = {https://www.iso.org/standard/68383.html},
  urldate = {2021-04-19},
  langid = {english}
}
% == BibLateX quality report for ISO26262_fusi:
% Missing required field 'type'
% Missing required field 'institution'

@article{kiran_deep_2021,
  title = {Deep {{Reinforcement Learning}} for {{Autonomous Driving}}: {{A Survey}}},
  shorttitle = {Deep {{Reinforcement Learning}} for {{Autonomous Driving}}},
  author = {Kiran, B Ravi and Sobh, Ibrahim and Talpaert, Victor and Mannion, Patrick and Sallab, Ahmad A. Al and Yogamani, Senthil and Pérez, Patrick},
  date = {2021-02-09},
  journaltitle = {IEEE Transactions on Intelligent Transportation Systems},
  volume = {Early Access},
  pages = {1--18},
  doi = {10.1109/TITS.2021.3054625},
  eventtitle = {{{IEEE Transactions}} on {{Intelligent Transportation Systems}}}
}
% == BibLateX quality report for kiran_deep_2021:
% Unexpected field 'eventtitle'
% ? Title looks like it was stored in title-case in Zotero
% ? unused ISSN ("1558-0016")
% ? unused Library catalog ("IEEE Xplore")

@article{koopman_autonomous_2017,
  title = {Autonomous {{Vehicle Safety}}: {{An Interdisciplinary Challenge}}},
  author = {Koopman, P. and Wagner, M.},
  date = {2017-01-19},
  journaltitle = {IEEE Intelligent Transportation Systems Magazine},
  volume = {9},
  number = {1},
  pages = {90--96},
  doi = {10.1109/MITS.2016.2583491}
}
% == BibLateX quality report for koopman_autonomous_2017:
% ? Title looks like it was stored in title-case in Zotero
% ? unused ISSN ("1939-1390")

@book{koren_fault-tolerant_2020,
  title = {Fault-{{Tolerant Systems}}},
  author = {Koren, Israel and Krishna, C. Mani},
  date = {2020-09-01},
  edition = {2},
  publisher = {{Morgan Kaufmann}},
  location = {{Burlington, MA, USA}},
  doi = {10.1016/C2018-0-02160-X},
  langid = {english},
  pagetotal = {416}
}
% == BibLateX quality report for koren_fault-tolerant_2020:
% ? Title looks like it was stored in title-case in Zotero
% ? unused ISBN ("978-0-12-818105-8")
% ? unused Url ("https://doi.org/10.1016/C2018-0-02160-X")

@inproceedings{laprie_dependable_1995,
  title = {Dependable Computing: Concepts, Limits, Challenges},
  shorttitle = {Dependable Computing},
  booktitle = {International {{Symposium}} on {{Fault-Tolerant Computing}}},
  author = {Laprie, Jean-Claude},
  date = {1995},
  pages = {42--54},
  publisher = {{IEEE}},
  location = {{Pasadena, California, USA}}
}
% == BibLateX quality report for laprie_dependable_1995:
% ? Unsure about the formatting of the booktitle
% ? unused Library catalog ("Google Scholar")

@article{lauer_cognitive_2010,
  title = {Cognitive Concepts in Autonomous Soccer Playing Robots},
  author = {Lauer, Martin and Hafner, Roland and Lange, Sascha and Riedmiller, Martin},
  date = {2010},
  journaltitle = {Cognitive Systems Research},
  volume = {11},
  number = {3},
  pages = {287--309},
  doi = {10.1016/j.cogsys.2009.12.003}
}
% == BibLateX quality report for lauer_cognitive_2010:
% ? unused Library catalog ("Google Scholar")

@inproceedings{lee_collision_2017,
  title = {Collision Risk Assessment for Possible Collision Vehicle in Occluded Area Based on Precise Map},
  booktitle = {International {{Conference}} on {{Intelligent Transportation Systems}}},
  author = {Lee, M. and Jo, K. and Sunwoo, M.},
  date = {2017-10},
  pages = {1--6},
  publisher = {{IEEE}},
  location = {{Yokohama, Japan}},
  doi = {10.1109/ITSC.2017.8317666}
}
% == BibLateX quality report for lee_collision_2017:
% ? Unsure about the formatting of the booktitle
% ? unused Library catalog ("IEEE Xplore")

@article{lefevre_survey_2014,
  title = {A Survey on Motion Prediction and Risk Assessment for Intelligent Vehicles},
  author = {Lefèvre, Stéphanie and Vasquez, Dizan and Laugier, Christian},
  date = {2014-07-23},
  journaltitle = {ROBOMECH Journal},
  shortjournal = {ROBOMECH Journal},
  volume = {1},
  number = {1},
  pages = {1},
  doi = {10.1186/s40648-014-0001-z}
}
% == BibLateX quality report for lefevre_survey_2014:
% ? unused ISSN ("2197-4225")
% ? unused Library catalog ("BioMed Central")
% ? unused Url ("https://doi.org/10.1186/s40648-014-0001-z")

@article{macek_towards_2009,
  title = {Towards {{Safe Vehicle Navigation}} in {{Dynamic Urban Scenarios}}},
  author = {Macek, Kristijan and Govea, Dizan Alejandro Vasquez and Fraichard, Thierry and Siegwart, Roland},
  date = {2009-11-01},
  journaltitle = {Automatika},
  volume = {50},
  number = {3-4},
  pages = {184--194},
  url = {https://hal.inria.fr/inria-00447452/document},
  urldate = {2018-04-16},
  langid = {english}
}
% == BibLateX quality report for macek_towards_2009:
% ? Title looks like it was stored in title-case in Zotero
% ? unused Library catalog ("hal.univ-grenoble-alpes.fr")

@software{matlab_stateflow,
  title = {{{MATLAB Stateflow}}},
  author = {{The MathWorks, Inc}},
  date = {2020},
  location = {{Natick, MA, USA}},
  url = {https://www.mathworks.com/products/stateflow.html},
  urldate = {2022-05-07}
}
% == BibLateX quality report for matlab_stateflow:
% ? Title looks like it was stored in title-case in Zotero

@article{meghanathan_realtime_os_survey_2005,
  title = {A {{Survey}} of {{Contemporary Real-time Operating Systems}}},
  author = {Meghanathan, S. Baskiyar N.},
  date = {2005},
  journaltitle = {Informatica},
  volume = {29},
  number = {2},
  pages = {233--240},
  url = {http://informatica.si/index.php/informatica/article/view/36},
  urldate = {2021-07-05}
}
% == BibLateX quality report for meghanathan_realtime_os_survey_2005:
% ? unused ISSN ("1854-3871")
% ? unused Library catalog ("informatica.si")

@incollection{michon_critical_1985,
  title = {A Critical View of Driver Behavior Models: What Do We Know, What Should We Do?},
  shorttitle = {A Critical View of Driver Behavior Models},
  booktitle = {Human Behavior and Traffic Safety},
  author = {Michon, John A.},
  date = {1985},
  pages = {485--524},
  publisher = {{Springer US}},
  location = {{Boston, MA, USA}},
  doi = {10.1007/978-1-4613-2173-6_19}
}
% == BibLateX quality report for michon_critical_1985:
% Missing required field 'editor'
% ? unused ISBN ("978-1-4613-2173-6")
% ? unused Library catalog ("Google Scholar")

@inproceedings{mirchevska_high-level_2018,
  title = {High-Level {{Decision Making}} for {{Safe}} and {{Reasonable Autonomous Lane Changing}} Using {{Reinforcement Learning}}},
  booktitle = {International {{Conference}} on {{Intelligent Transportation Systems}}},
  author = {Mirchevska, Branka and Pek, Christian and Werling, Moritz and Althoff, Matthias and Boedecker, Joschka},
  date = {2018-11},
  pages = {2156--2162},
  publisher = {{IEEE}},
  location = {{Maui, Hawaii, USA}},
  doi = {10.1109/ITSC.2018.8569448}
}
% == BibLateX quality report for mirchevska_high-level_2018:
% ? Unsure about the formatting of the booktitle
% ? unused ISSN ("2153-0017")
% ? unused Library catalog ("IEEE Xplore")

@misc{mobileye_formal_2017,
  title = {On a {{Formal Model}} of {{Safe}} and {{Scalable Self-driving Cars}}},
  author = {Shalev-Shwartz, Shai and Shammah, Shaked and Shashua, Amnon},
  date = {2017-08-21},
  eprint = {1708.06374},
  eprinttype = {arxiv},
  url = {https://arxiv.org/abs/1708.06374},
  urldate = {2018-04-12},
  archiveprefix = {arXiv}
}
% == BibLateX quality report for mobileye_formal_2017:
% Unexpected field 'archiveprefix'
% ? unused Archive iD ("arXiv:1708.06374 [cs, stat]")

@article{mohan_impact_2022,
  title = {Impact of Automation on Long Haul Trucking Operator-Hours in the {{United States}}},
  author = {Mohan, Aniruddh and Vaishnav, Parth},
  date = {2022-03-15},
  journaltitle = {Humanities and Social Sciences Communications},
  shortjournal = {Humanit Soc Sci Commun},
  volume = {9},
  number = {1},
  pages = {1--10},
  publisher = {{Palgrave}},
  doi = {10.1057/s41599-022-01103-w},
  issue = {1},
  langid = {english}
}
% == BibLateX quality report for mohan_impact_2022:
% Unexpected field 'publisher'
% ? unused ISSN ("2662-9992")
% ? unused Library catalog ("www.nature.com")
% ? unused Url ("https://www.nature.com/articles/s41599-022-01103-w")

@article{montemerlo_junior_2008,
  title = {Junior: {{The Stanford}} Entry in the {{Urban Challenge}}},
  shorttitle = {Junior},
  author = {Montemerlo, Michael and Becker, Jan and Bhat, Suhrid and Dahlkamp, Hendrik and Dolgov, Dmitri and Ettinger, Scott and Haehnel, Dirk and Hilden, Tim and Hoffmann, Gabe and Huhnke, Burkhard and Johnston, Doug and Klumpp, Stefan and Langer, Dirk and Levandowski, Anthony and Levinson, Jesse and Marcil, Julien and Orenstein, David and Paefgen, Johannes and Penny, Isaac and Petrovskaya, Anna and Pflueger, Mike and Stanek, Ganymed and Stavens, David and Vogt, Antone and Thrun, Sebastian},
  date = {2008},
  journaltitle = {Journal of Field Robotics},
  volume = {25},
  number = {9},
  pages = {569--597},
  doi = {10.1002/rob.20258},
  langid = {english}
}
% == BibLateX quality report for montemerlo_junior:_2008:
% ? unused ISSN ("1556-4967")
% ? unused Library catalog ("Wiley Online Library")
% ? unused Url ("https://onlinelibrary.wiley.com/doi/abs/10.1002/rob.20258")

@book{montenegro_sichere_1999,
  title = {Sichere Und Fehlertolerante {{Steuerungen}}: {{Entwicklung}} Sicherheitsrelevanter {{Systeme}}},
  author = {Montenegro, Sergio},
  date = {1999},
  publisher = {{Carl Hanser Verlag}},
  location = {{München, Deutschland}}
}
% == BibLateX quality report for montenegro_sichere_1999:
% ? unused ISBN ("3-446-21235-3")

@article{moret_decision_1982,
  title = {Decision {{Trees}} and {{Diagrams}}},
  author = {Moret, Bernard M. E.},
  date = {1982-12-01},
  journaltitle = {ACM Computing Surveys},
  shortjournal = {ACM Comput. Surv.},
  volume = {14},
  number = {4},
  pages = {593--623},
  doi = {10.1145/356893.356898}
}
% == BibLateX quality report for moret_decision_1982:
% ? Title looks like it was stored in title-case in Zotero
% ? unused ISSN ("0360-0300")
% ? unused Library catalog ("Dec. 1982")
% ? unused Url ("https://doi.org/10.1145/356893.356898")

@inproceedings{naumann_coincar-sim_2018,
  title = {{{CoInCar-Sim}}: {{An Open-Source Simulation Framework}} for {{Cooperatively Interacting Automobiles}}},
  shorttitle = {{{CoInCar-Sim}}},
  booktitle = {Intelligent {{Vehicles Symposium}}},
  author = {Naumann, Maximilian and Poggenhans, Fabian and Lauer, Martin and Stiller, Christoph},
  date = {2018-06},
  pages = {1--6},
  publisher = {{IEEE}},
  location = {{Changshu, Suzhou, China}},
  doi = {10.1109/IVS.2018.8500405}
}
% == BibLateX quality report for naumann_coincar-sim_2018:
% ? Unsure about the formatting of the booktitle
% ? Title looks like it was stored in title-case in Zotero
% ? unused ISSN ("1931-0587")
% ? unused Library catalog ("IEEE Xplore")

@report{nhtsa_automated_2017,
  title = {Automated {{Driving Systems}} 2.0: {{A Vision}} for {{Safety}}},
  author = {{NHTSA National Highway Traffic Safety Administration}},
  date = {2017-09},
  location = {{Washington, DC, USA}},
  url = {https://www.nhtsa.gov/sites/nhtsa.dot.gov/files/documents/13069a-ads2.0_090617_v9a_tag.pdf},
  urldate = {2021-01-12}
}
% == BibLateX quality report for nhtsa_automated_2017:
% Missing required field 'type'
% Missing required field 'institution'
% ? Title looks like it was stored in title-case in Zotero

@inproceedings{ogren_increasing_2012,
  title = {Increasing {{Modularity}} of {{UAV Control Systems}} Using {{Computer Game Behavior Trees}}},
  booktitle = {Guidance, {{Navigation}}, and {{Control Conference}}},
  author = {Ögren, Petter},
  date = {2012-08},
  publisher = {{AIAA}},
  location = {{Minneapolis, MN, USA}},
  doi = {10.2514/6.2012-4458}
}
% == BibLateX quality report for ogren_increasing_2012:
% ? Unsure about the formatting of the booktitle
% ? unused Library catalog ("American Institute of Aeronautics and Astronautics")
% ? unused Url ("https://arc.aiaa.org/doi/abs/10.2514/6.2012-4458")

@thesis{olsson_behavior_2016,
  type = {mathesis},
  title = {Behavior {{Trees}} for Decision-Making in {{Autonomous Driving}}},
  author = {Olsson, Magnus},
  date = {2016},
  institution = {{KTH, School of Computer Science and Communication}},
  location = {{Stockholm, Schweden}},
  url = {http://urn.kb.se/resolve?urn=urn:nbn:se:kth:diva-183060},
  langid = {english}
}
% == BibLateX quality report for olsson_behavior_2016:
% ? unused Library catalog ("www.diva-portal.org")
% ? unused Type ("Master’s Thesis")

@inproceedings{orzechowski_decision-making_2020,
  title = {Decision-{{Making}} for {{Automated Vehicles Using}} a {{Hierarchical Behavior-Based Arbitration Scheme}}},
  booktitle = {Intelligent {{Vehicles Symposium}}},
  author = {Orzechowski, Piotr F. and Burger, Christoph and Lauer, Martin},
  date = {2020-10},
  pages = {767--774},
  publisher = {{IEEE}},
  location = {{Las Vegas, NV, USA}},
  doi = {10.1109/IV47402.2020.9304723}
}
% == BibLateX quality report for orzechowski_decision-making_2020:
% ? Unsure about the formatting of the booktitle
% ? Title looks like it was stored in title-case in Zotero
% ? unused ISSN ("2642-7214")
% ? unused Library catalog ("IEEE Xplore")

@inproceedings{orzechowski_tackling_2018,
  title = {Tackling {{Occlusions}} \& {{Limited Sensor Range}} with {{Set-based Safety Verification}}},
  booktitle = {International {{Conference}} on {{Intelligent Transportation Systems}}},
  author = {Orzechowski, Piotr F. and Meyer, Annika and Lauer, Martin},
  date = {2018-11},
  pages = {1729--1736},
  publisher = {{IEEE}},
  location = {{Maui, HI, USA}},
  doi = {10.1109/ITSC.2018.8569332}
}
% == BibLateX quality report for orzechowski_tackling_2018:
% ? Unsure about the formatting of the booktitle
% ? unused Library catalog ("IEEE Xplore")

@incollection{orzechowski_verhaltensentscheidung_2022,
  title = {Verhaltensentscheidung für Automatisches Fahren},
  booktitle = {Handbuch Fahrerassistenzsysteme},
  author = {Orzechowski, Piotr and Fischer, Johannes and Stiller, Christoph},
  editor = {Winner, Hermann},
  year = {voraussichtliches Erscheinungsdatum 2022},
  publisher = {{Springer Fachmedien Wiesbaden}},
  location = {{Wiesbaden, Deutschland}},
  langid = {german},
  annotation = {update after publication!}
}

@article{paden_survey_2016,
  title = {A {{Survey}} of {{Motion Planning}} and {{Control Techniques}} for {{Self-Driving Urban Vehicles}}},
  author = {Paden, B. and Čáp, M. and Yong, S. Z. and Yershov, D. and Frazzoli, E.},
  date = {2016-03},
  journaltitle = {IEEE Transactions on Intelligent Vehicles},
  volume = {1},
  number = {1},
  pages = {33--55},
  doi = {10.1109/TIV.2016.2578706},
  annotation = {00002}
}
% == BibLateX quality report for paden_survey_2016:
% ? Title looks like it was stored in title-case in Zotero
% ? unused ISSN ("2379-8858")
% ? unused Library catalog ("IEEE Xplore")

@report{PAS1883_ODD,
  title = {Operational {{Design Domain}} ({{ODD}}) Taxonomy for an Automated Driving System ({{ADS}}) – {{Specification}}},
  author = {{BSI Standards Limited}},
  date = {2020-08},
  number = {PAS 1883:2020},
  location = {{London, Vereinigtes Königreich}},
  url = {https://www.bsigroup.com/globalassets/localfiles/en-gb/cav/pas1883.pdf},
  urldate = {2022-05-04}
}
% == BibLateX quality report for PAS1883_ODD:
% Missing required field 'type'
% Missing required field 'institution'

@inproceedings{pek_computationally_2018,
  title = {Computationally {{Efficient Fail-safe Trajectory Planning}} for {{Self-driving Vehicles Using Convex Optimization}}},
  booktitle = {International {{Conference}} on {{Intelligent Transportation Systems}}},
  author = {Pek, C. and Althoff, M.},
  date = {2018-11},
  pages = {1447--1454},
  publisher = {{IEEE}},
  location = {{Maui, Hawaii, USA}},
  doi = {10.1109/ITSC.2018.8569425}
}
% == BibLateX quality report for pek_computationally_2018:
% ? Unsure about the formatting of the booktitle
% ? unused Library catalog ("IEEE Xplore")

@inproceedings{petrich_map-based_2013,
  title = {Map-Based Long Term Motion Prediction for Vehicles in Traffic Environments},
  booktitle = {Conference on {{Intelligent Transportation Systems}}},
  author = {Petrich, Dominik and Dang, Thao and Kasper, Dietmar and Breuel, Gabi and Stiller, Christoph},
  date = {2013-10},
  pages = {2166--2172},
  publisher = {{IEEE}},
  location = {{Den Haag, Die Niederlande}},
  doi = {10.1109/ITSC.2013.6728549}
}
% == BibLateX quality report for petrich_map-based_2013:
% ? Unsure about the formatting of the booktitle
% ? unused ISSN ("2153-0017")
% ? unused Library catalog ("IEEE Xplore")

@inproceedings{poggenhans_lanelet2_2018,
  title = {Lanelet2: {{A}} High-Definition Map Framework for the Future of Automated Driving},
  shorttitle = {Lanelet2},
  booktitle = {International {{Conference}} on {{Intelligent Transportation Systems}}},
  author = {Poggenhans, Fabian and Pauls, Jan-Hendrik and Janosovits, Johannes and Orf, Stefan and Naumann, Maximilian and Kuhnt, Florian and Mayr, Matthias},
  date = {2018-11},
  pages = {1672--1679},
  publisher = {{IEEE}},
  location = {{Maui, Hawaii, USA}},
  doi = {10.1109/ITSC.2018.8569929}
}
% == BibLateX quality report for poggenhans_lanelet2_2018:
% ? Unsure about the formatting of the booktitle
% ? unused ISSN ("2153-0009")
% ? unused Library catalog ("IEEE Xplore")

@software{QtFSM,
  title = {The {{State Machine Framework}}},
  author = {{The Qt Company Ltd.}},
  date = {2020-11},
  location = {{Espoo, Finnland}},
  url = {https://doc.qt.io/qt-5/statemachine-api.html},
  urldate = {2022-05-07},
  version = {5.15}
}
% == BibLateX quality report for QtFSM:
% ? Title looks like it was stored in title-case in Zotero

@inproceedings{quigley_ros_2009,
  title = {{{ROS}}: An Open-Source {{Robot Operating System}}},
  shorttitle = {{{ROS}}},
  booktitle = {{{ICRA}} Workshop on Open Source Software},
  author = {Quigley, Morgan and Conley, Ken and Gerkey, Brian and Faust, Josh and Foote, Tully and Leibs, Jeremy and Wheeler, Rob and Ng, Andrew},
  date = {2009},
  volume = {3},
  location = {{Kobe, Japan}},
  url = {http://www.robotics.stanford.edu/~ang/papers/icraoss09-ROS.pdf}
}
% == BibLateX quality report for quigley_ros_2009:
% ? Unsure about the formatting of the booktitle

@article{quinlan_decision_1990,
  title = {Decision Trees and Decision-Making},
  author = {Quinlan, J. R.},
  date = {1990-03},
  journaltitle = {IEEE Transactions on Systems, Man, and Cybernetics},
  volume = {20},
  number = {2},
  pages = {339--346},
  doi = {10.1109/21.52545},
  eventtitle = {{{IEEE Transactions}} on {{Systems}}, {{Man}}, and {{Cybernetics}}}
}
% == BibLateX quality report for quinlan_decision_1990:
% Unexpected field 'eventtitle'
% ? unused ISSN ("2168-2909")
% ? unused Library catalog ("IEEE Xplore")

@article{quinlan_simplifying_1987,
  title = {Simplifying Decision Trees},
  author = {Quinlan, J. R.},
  date = {1987-09-01},
  journaltitle = {International Journal of Man-Machine Studies},
  shortjournal = {International Journal of Man-Machine Studies},
  volume = {27},
  number = {3},
  pages = {221--234},
  doi = {10.1016/S0020-7373(87)80053-6},
  langid = {english}
}
% == BibLateX quality report for quinlan_simplifying_1987:
% ? unused ISSN ("0020-7373")
% ? unused Library catalog ("ScienceDirect")
% ? unused Url ("http://www.sciencedirect.com/science/article/pii/S0020737387800536")

@inproceedings{rao_abstract_1992,
  title = {An Abstract Architecture for Rational Agents},
  booktitle = {Proceedings of the {{Third International Conference}} on {{Principles}} of {{Knowledge Representation}} and {{Reasoning}}},
  author = {Rao, Anand S. and Georgeff, Michael P.},
  date = {1992-10-25},
  series = {{{KR}}'92},
  pages = {439--449},
  publisher = {{Morgan Kaufmann Publishers Inc.}},
  location = {{San Mateo, CA, USA}}
}
% == BibLateX quality report for rao_abstract_1992:
% ? unused ISBN ("978-1-55860-262-5")
% ? unused Library catalog ("ACM Digital Library")

@article{rasouli_autonomous_2020,
  title = {Autonomous {{Vehicles That Interact With Pedestrians}}: {{A Survey}} of {{Theory}} and {{Practice}}},
  shorttitle = {Autonomous {{Vehicles That Interact With Pedestrians}}},
  author = {Rasouli, A. and Tsotsos, J. K.},
  date = {2020-03},
  journaltitle = {IEEE Transactions on Intelligent Transportation Systems},
  volume = {21},
  number = {3},
  pages = {900--918},
  doi = {10.1109/TITS.2019.2901817},
  eventtitle = {{{IEEE Transactions}} on {{Intelligent Transportation Systems}}}
}
% == BibLateX quality report for rasouli_autonomous_2020:
% Unexpected field 'eventtitle'
% ? Title looks like it was stored in title-case in Zotero
% ? unused ISSN ("1558-0016")
% ? unused Library catalog ("IEEE Xplore")

@article{reeds_optimal_1990,
  title = {Optimal Paths for a Car That Goes Both Forwards and Backwards},
  author = {Reeds, James and Shepp, Lawrence},
  date = {1990-10-01},
  journaltitle = {Pacific Journal of Mathematics},
  volume = {145},
  number = {2},
  pages = {367--393},
  publisher = {{Mathematical Sciences Publishers}},
  doi = {10.2140/pjm.1990.145.367}
}
% == BibLateX quality report for reeds_optimal_1990:
% Unexpected field 'publisher'
% ? unused ISSN ("0030-8730")
% ? unused Library catalog ("msp.org")
% ? unused Url ("https://msp.org/pjm/1990/145-2/p06.xhtml")

@book{reif_fahrstabilisierungssysteme_2010,
  title = {Fahrstabilisierungssysteme und Fahrerassistenzsysteme},
  author = {Reif, Konrad},
  editor = {Reif, Konrad},
  date = {2010},
  publisher = {{Vieweg+Teubner}},
  location = {{Wiesbaden, Deutschland}},
  doi = {10.1007/978-3-8348-9717-6},
  langid = {german}
}
% == BibLateX quality report for reif_fahrstabilisierungssysteme_2010:
% ? unused ISBN ("978-3-8348-9717-6")
% ? unused Library catalog ("Springer Link")
% ? unused Url ("https://doi.org/10.1007/978-3-8348-9717-6")

@article{richter_fusion_2019,
  title = {Fusion of Range Measurements and Semantic Estimates in an Evidential Framework},
  author = {Richter, Sven and Wirges, Sascha and Königshof, Hendrik and Stiller, Christoph},
  date = {2019-09-01},
  journaltitle = {tm - Technisches Messen},
  volume = {86},
  number = {s1},
  pages = {102--106},
  publisher = {{De Gruyter}},
  doi = {10.1515/teme-2019-0052}
}
% == BibLateX quality report for richter_fusion_2019:
% Unexpected field 'publisher'
% ? unused ISSN ("0171-8096, 2196-7113")
% ? unused Library catalog ("www.degruyter.com")
% ? unused Url ("https://www.degruyter.com/view/journals/teme/86/s1/article-p102.xml")

@book{ross_functional_2016,
  title = {Functional {{Safety}} for {{Road Vehicles}}: {{New Challenges}} and {{Solutions}} for {{E-mobility}} and {{Automated Driving}}},
  shorttitle = {Functional {{Safety}} for {{Road Vehicles}}},
  author = {Ross, Hans-Leo},
  date = {2016},
  publisher = {{Springer International Publishing}},
  location = {{Cham, Schweiz}},
  doi = {10.1007/978-3-319-33361-8},
  langid = {english}
}
% == BibLateX quality report for ross_functional_2016:
% ? unused ISBN ("978-3-319-33360-1")
% ? unused Library catalog ("www.springer.com")
% ? unused Url ("https://www.springer.com/gp/book/9783319333601")

@inproceedings{sadou_occlusions_2004,
  title = {Occlusions in Obstacle Detection for Safe Navigation},
  booktitle = {Intelligent {{Vehicles Symposium}}},
  author = {Sadou, M. and Polotski, V. and Cohen, P.},
  date = {2004-06},
  pages = {716--721},
  publisher = {{IEEE}},
  location = {{Parma, Italien}},
  doi = {10.1109/IVS.2004.1336472}
}
% == BibLateX quality report for sadou_occlusions_2004:
% ? Unsure about the formatting of the booktitle
% ? unused Library catalog ("IEEE Xplore")

@report{SAEJ3016,
  title = {Taxonomy and {{Definitions}} for {{Terms Related}} to {{Driving Automation Systems}} for {{On-Road Motor Vehicles}}},
  author = {{SAE International}},
  date = {2021-04},
  number = {J3016},
  pages = {41},
  location = {{Warrendale, PA, USA}},
  url = {https://www.sae.org/standards/content/j3016_202104/},
  urldate = {2021-05-17}
}
% == BibLateX quality report for SAEJ3016:
% Missing required field 'type'
% Missing required field 'institution'
% ? Title looks like it was stored in title-case in Zotero

@inproceedings{salscheider_simultaneous_2020,
  title = {Simultaneous {{Object Detection}} and {{Semantic Segmentation}}},
  author = {Salscheider, Niels},
  date = {2020-10-06},
  pages = {555--561},
  location = {{Valletta, Malta}},
  eventtitle = {9th {{International Conference}} on {{Pattern Recognition Applications}} and {{Methods}}}
}
% == BibLateX quality report for salscheider_simultaneous_2020:
% Missing required field 'booktitle'
% ? Title looks like it was stored in title-case in Zotero
% ? unused ISBN ("978-989-758-397-1")
% ? unused Library catalog ("www.scitepress.org")

@book{schaling_boost_2014,
  title = {The Boost C++ Libraries},
  author = {Schäling, Boris},
  date = {2014-09-22},
  edition = {2nd Edition},
  publisher = {{XML Press}},
  location = {{Laguna Hills, CA, USA}},
  langid = {Englisch},
  pagetotal = {570}
}
% == BibLateX quality report for schaling_boost_2014:
% ? Title looks like it was stored in title-case in Zotero
% ? unused ISBN ("978-1-937434-36-6")

@article{schwarting_planning_2018,
  title = {Planning and {{Decision-Making}} for {{Autonomous Vehicles}}},
  author = {Schwarting, Wilko and Alonso-Mora, Javier and Rus, Daniela},
  date = {2018},
  journaltitle = {Annual Review of Control, Robotics, and Autonomous Systems},
  volume = {1},
  number = {1},
  pages = {187--210},
  doi = {10.1146/annurev-control-060117-105157},
  annotation = {\_eprint: https://doi.org/10.1146/annurev-control-060117-105157}
}
% == BibLateX quality report for schwarting_planning_2018:
% ? Title looks like it was stored in title-case in Zotero
% ? unused Library catalog ("Annual Reviews")
% ? unused Url ("https://doi.org/10.1146/annurev-control-060117-105157")

@inproceedings{schwesinger_automated_2016,
  title = {Automated Valet Parking and Charging for E-Mobility},
  booktitle = {Intelligent {{Vehicles Symposium}}},
  author = {Schwesinger, Ulrich and Bürki, Mathias and Timpner, Julian and Rottmann, Stephan and Wolf, Lars and Paz, Lina Maria and Grimmett, Hugo and Posner, Ingmar and Newman, Paul and Häne, Christian and Heng, Lionel and Lee, Gim Hee and Sattler, Torsten and Pollefeys, Marc and Allodi, Marco and Valenti, Francesco and Mimura, Keiji and Goebelsmann, Bernd and Derendarz, Wojciech and Mühlfellner, Peter and Wonneberger, Stefan and Waldmann, Rene and Grysczyk, Sebastian and Last, Carsten and Brüning, Stefan and Horstmann, Sven and Bartholomäus, Marc and Brummer, Clemens and Stellmacher, Martin and Pucks, Fabian and Nicklas, Marcel and Siegwart, Roland},
  date = {2016-06},
  pages = {157--164},
  publisher = {{IEEE}},
  location = {{Göteborg, Schweden}},
  doi = {10.1109/IVS.2016.7535380}
}
% == BibLateX quality report for schwesinger_automated_2016:
% ? Unsure about the formatting of the booktitle
% ? unused Library catalog ("IEEE Xplore")

@book{siciliano_springer_2016,
  title = {Springer {{Handbook}} of {{Robotics}}},
  editor = {Siciliano, Bruno and Khatib, Oussama},
  date = {2016},
  series = {Springer {{Handbooks}}},
  edition = {2},
  publisher = {{Springer-Verlag}},
  location = {{Berlin, Deutschland}},
  doi = {10.1007/978-3-319-32552-1},
  langid = {english}
}
% == BibLateX quality report for siciliano_springer_2016:
% Missing required field 'author'
% ? Title looks like it was stored in title-case in Zotero
% ? unused ISBN ("978-3-319-32552-1")
% ? unused Library catalog ("Springer Link")

@inproceedings{sons_mapping_2017,
  title = {Mapping and Localization Using Surround View},
  booktitle = {Intelligent {{Vehicles Symposium}}},
  author = {Sons, Marc and Lauer, Martin and Keller, Christoph G. and Stiller, Christoph},
  date = {2017-06},
  pages = {1158--1163},
  publisher = {{IEEE}},
  location = {{Redondo Beach, CA, USA}},
  doi = {10.1109/IVS.2017.7995869}
}
% == BibLateX quality report for sons_mapping_2017:
% ? Unsure about the formatting of the booktitle
% ? unused Library catalog ("IEEE Xplore")

@article{stefik_object-oriented_1985,
  title = {Object-{{Oriented Programming}}: {{Themes}} and {{Variations}}},
  shorttitle = {Object-{{Oriented Programming}}},
  author = {Stefik, Mark and Bobrow, Daniel G.},
  date = {1985-12-15},
  journaltitle = {AI Magazine},
  volume = {6},
  number = {4},
  pages = {40--40},
  doi = {10.1609/aimag.v6i4.508},
  issue = {4},
  langid = {english}
}
% == BibLateX quality report for stefik_object-oriented_1985:
% ? Title looks like it was stored in title-case in Zotero
% ? unused ISSN ("2371-9621")
% ? unused Library catalog ("www.aaai.org")
% ? unused Url ("https://www.aaai.org/ojs/index.php/aimagazine/article/view/508")

@article{steyer_grid-based_2020,
  title = {Grid-{{Based Object Tracking With Nonlinear Dynamic State}} and {{Shape Estimation}}},
  author = {Steyer, Sascha and Lenk, Christian and Kellner, Dominik and Tanzmeister, Georg and Wollherr, Dirk},
  date = {2020-07},
  journaltitle = {IEEE Transactions on Intelligent Transportation Systems},
  volume = {21},
  number = {7},
  pages = {2874--2893},
  doi = {10.1109/TITS.2019.2921248},
  eventtitle = {{{IEEE Transactions}} on {{Intelligent Transportation Systems}}}
}
% == BibLateX quality report for steyer_grid-based_2020:
% Unexpected field 'eventtitle'
% ? Title looks like it was stored in title-case in Zotero
% ? unused ISSN ("1558-0016")
% ? unused Library catalog ("IEEE Xplore")

@inproceedings{tas_automated_2017,
  title = {Automated Vehicle System Architecture with Performance Assessment},
  booktitle = {International {{Conference}} on {{Intelligent Transportation Systems}}},
  author = {Taş, Ömer Şahin and Hörmann, Stefan and Schäufele, Bernd and Kuhnt, Florian},
  date = {2017-10},
  pages = {1--8},
  publisher = {{IEEE}},
  location = {{Yokohama, Japan}},
  doi = {10.1109/ITSC.2017.8317862}
}
% == BibLateX quality report for tas_automated_2017:
% ? Unsure about the formatting of the booktitle
% ? unused ISSN ("2153-0017")
% ? unused Library catalog ("IEEE Xplore")

@inproceedings{tas_limited_2018,
  title = {Limited {{Visibility}} and {{Uncertainty Aware Motion Planning}} for {{Automated Driving}}},
  booktitle = {Intelligent {{Vehicles Symposium}}},
  author = {Taş, Ö Ş and Stiller, C.},
  date = {2018-06},
  pages = {1171--1178},
  publisher = {{IEEE}},
  location = {{Changshu, China}},
  doi = {10.1109/IVS.2018.8500369}
}
% == BibLateX quality report for tas_limited_2018:
% ? Unsure about the formatting of the booktitle
% ? Title looks like it was stored in title-case in Zotero
% ? unused Library catalog ("IEEE Xplore")

@article{tas_making_2018,
  title = {Making {{Bertha Cooperate}}–{{Team AnnieWAY}}’s {{Entry}} to the 2016 {{Grand Cooperative Driving Challenge}}},
  author = {Taş, Ömer Şahin and Salscheider, Niels Ole and Poggenhans, Fabian and Wirges, Sascha and Bandera, Claudio and Zofka, Marc René and Strauss, Tobias and Zöllner, J. Marius and Stiller, Christoph},
  date = {2018-04},
  journaltitle = {IEEE Transactions on Intelligent Transportation Systems},
  volume = {19},
  number = {4},
  pages = {1262--1276},
  doi = {10.1109/TITS.2017.2749974},
  eventtitle = {{{IEEE Transactions}} on {{Intelligent Transportation Systems}}}
}
% == BibLateX quality report for tas_making_2018:
% Unexpected field 'eventtitle'
% ? Title looks like it was stored in title-case in Zotero
% ? unused ISSN ("1558-0016")
% ? unused Library catalog ("IEEE Xplore")

@software{TinyFSM,
  title = {{{TinyFSM}}},
  author = {Burri, Axel},
  date = {2018-10},
  location = {{Zürich, Schweiz}},
  url = {https://digint.ch/tinyfsm/},
  urldate = {2022-05-07},
  organization = {{Digital Integrity GmbH}},
  version = {0.3.2}
}

@inproceedings{ulbrich_definition_2015,
  title = {Definition Der {{Begriffe Szene}}, {{Situation}} Und {{Szenario}} Für Das Automatisierte {{Fahren}}},
  booktitle = {10. {{Workshop Fahrerassistenzsysteme FAS}}},
  author = {Ulbrich, S. and Menzel, T. and Reschka, A. and Schuldt, F. and Maurer, M.},
  date = {2015},
  pages = {105},
  location = {{Walting, Deutschland}}
}
% == BibLateX quality report for ulbrich_definition_2015:
% ? Unsure about the formatting of the booktitle
% ? unused Library catalog ("Google Scholar")

@report{UML,
  type = {Standard},
  title = {Unified {{Modeling Language}}},
  author = {{Object Management Group, Inc}},
  date = {2017-12},
  number = {2.5.1},
  pages = {796},
  location = {{Milford, MA, USA}},
  url = {https://www.omg.org/spec/UML/2.5.1},
  urldate = {2022-05-04}
}
% == BibLateX quality report for UML:
% Missing required field 'institution'
% ? Title looks like it was stored in title-case in Zotero
% ? unused Archive ("today")

@article{volklein_busfahrer_2018,
  title = {Busfahrer verzweifelt gesucht},
  author = {Völklein, Marco},
  date = {2018-02-26},
  journaltitle = {Süddeutsche.de},
  url = {https://www.sueddeutsche.de/karriere/busfahrer-mangel-bitte-einsteigen-1.3878529},
  urldate = {2022-03-26},
  entrysubtype = {newspaper},
  langid = {german}
}
% == BibLateX quality report for volklein_busfahrer_2018:
% ? Possibly abbreviated journal title Süddeutsche.de

@book{vossen_grundkurs_2016,
  title = {Grundkurs Theoretische Informatik: Eine anwendungsbezogene Einführung - Für Studierende in allen Informatik-Studiengängen},
  shorttitle = {Grundkurs Theoretische Informatik},
  author = {Vossen, Gottfried and Witt, Kurt-Ulrich},
  date = {2016},
  edition = {6},
  publisher = {{Springer Vieweg}},
  location = {{Wiesbaden, Deutschland}},
  doi = {10.1007/978-3-8348-2202-4},
  langid = {german}
}
% == BibLateX quality report for vossen_grundkurs_2016:
% ? unused ISBN ("978-3-8348-1770-9")
% ? unused Library catalog ("www.springer.com")
% ? unused Url ("https://www.springer.com/gp/book/9783834817709")

@incollection{voswinkel_intelligent_2021,
  title = {Intelligent {{Decision-Making}} and {{Motion Planning}} for {{Automated Vehicles}}},
  booktitle = {Autonomous {{Driving}} and {{Advanced Driver-Assistance Systems}} ({{ADAS}})},
  author = {Voßwinkel, Rick and Gerwien, Maximilian and Jungmann, Alexander and Schrödel, Frank},
  date = {2021},
  publisher = {{CRC Press}},
  location = {{Boca Raton, FL, USA}},
  pagetotal = {34}
}
% == BibLateX quality report for voswinkel_intelligent_2021:
% Unexpected field 'pagetotal'
% Missing required field 'editor'
% ? Title looks like it was stored in title-case in Zotero
% ? unused ISBN ("978-1-00-304838-1")

@book{wagner_modeling_2006,
  title = {Modeling {{Software}} with {{Finite State Machines}}: {{A Practical Approach}}},
  shorttitle = {Modeling {{Software}} with {{Finite State Machines}}},
  author = {Wagner, Ferdinand and Schmuki, Ruedi and Wagner, Thomas and Wolstenholme, Peter},
  date = {2006-05-15},
  publisher = {{CRC Press}},
  location = {{Boca Raton, FL, USA}},
  langid = {english},
  pagetotal = {391}
}
% == BibLateX quality report for wagner_modeling_2006:
% ? Title looks like it was stored in title-case in Zotero
% ? unused ISBN ("978-1-4200-1364-1")

@misc{waymo_safety_data_2020,
  title = {Waymo {{Public Road Safety Performance Data}}},
  author = {Schwall, Matthew and Daniel, Tom and Victor, Trent and Favaro, Francesca and Hohnhold, Henning},
  date = {2020-10-30},
  eprint = {2011.00038},
  eprinttype = {arxiv},
  url = {http://arxiv.org/abs/2011.00038},
  urldate = {2021-01-12},
  archiveprefix = {arXiv}
}
% == BibLateX quality report for waymo_safety_data_2020:
% Unexpected field 'archiveprefix'
% ? Title looks like it was stored in title-case in Zotero
% ? unused Archive iD ("arXiv:2011.00038 [cs.RO]")

@report{waymo_safety_methodologies_2020,
  title = {Waymo’s {{Safety Methodologies}} and {{Safety Readiness Determinations}}},
  author = {{Waymo LLC}},
  date = {2020-10},
  location = {{Mountain View, CA, USA}},
  url = {https://waymo.com/safety/methodologies},
  urldate = {2021-01-12}
}
% == BibLateX quality report for waymo_safety_methodologies_2020:
% Missing required field 'type'
% Missing required field 'institution'
% ? Title looks like it was stored in title-case in Zotero

@report{waymo_safety_report_2020,
  title = {Waymo {{Safety Report}}},
  author = {{Waymo LLC}},
  date = {2020-09},
  location = {{Mountain View, CA, USA}},
  url = {https://waymo.com/safety/safety-report},
  urldate = {2021-01-12}
}
% == BibLateX quality report for waymo_safety_report_2020:
% Missing required field 'type'
% Missing required field 'institution'
% ? Title looks like it was stored in title-case in Zotero

@inproceedings{werling_optimal_2010,
  title = {Optimal Trajectory Generation for Dynamic Street Scenarios in a {{Frenét Frame}}},
  booktitle = {International {{Conference}} on {{Robotics}} and {{Automation}}},
  author = {Werling, M. and Ziegler, J. and Kammel, S. and Thrun, S.},
  date = {2010-05},
  pages = {987--993},
  publisher = {{IEEE}},
  location = {{Anchorage, AK, USA}},
  doi = {10.1109/ROBOT.2010.5509799}
}
% == BibLateX quality report for werling_optimal_2010:
% ? Unsure about the formatting of the booktitle
% ? unused Library catalog ("IEEE Xplore")

@book{werling_optimale_2017,
  title = {Optimale aktive Fahreingriffe, für Sicherheits- und Komfortsysteme in Fahrzeugen},
  author = {Werling, Moritz},
  date = {2017},
  publisher = {{De Gruyter Oldenbourg}},
  location = {{Berlin, Deutschland}},
  doi = {10.1515/9783110531923},
  langid = {DT}
}
% == BibLateX quality report for werling_optimale_2017:
% ? unused ISBN ("978-3-11-052941-8")
% ? unused Library catalog ("DeGruyter")
% ? unused Url ("https://www.degruyter.com/viewbooktoc/product/484272")

@incollection{winner_adaptive_2015,
  title = {Adaptive Cruise Control},
  booktitle = {Handbuch Fahrerassistenzsysteme},
  author = {Winner, Hermann and Schopper, Michael},
  editor = {Winner, Hermann and Hakuli, Stephan and Lotz, Felix and Singer, Christina},
  date = {2015},
  series = {ATZ/MTZ-Fachbuch},
  pages = {851--891},
  publisher = {{Springer Fachmedien}},
  location = {{Wiesbaden, Deutschland}},
  doi = {10.1007/978-3-658-05734-3_46},
  langid = {german}
}
% == BibLateX quality report for winner_adaptive_2015:
% ? Title looks like it was stored in title-case in Zotero
% ? unused ISBN ("978-3-658-05734-3")
% ? unused Library catalog ("Springer Link")
% ? unused Url ("https://doi.org/10.1007/978-3-658-05734-3_46")

@book{worn_echtzeitsysteme_2005,
  title = {Echtzeitsysteme: Grundlagen, Funktionsweisen, Anwendungen},
  shorttitle = {Echtzeitsysteme},
  author = {Wörn, Heinz},
  date = {2005},
  series = {eXamen.press},
  publisher = {{Springer-Verlag}},
  location = {{Berlin, Deutschland}},
  doi = {10.1007/b139050},
  langid = {german}
}
% == BibLateX quality report for worn_echtzeitsysteme_2005:
% ? Title looks like it was stored in title-case in Zotero
% ? unused ISBN ("978-3-540-20588-3")
% ? unused Library catalog ("www.springer.com")
% ? unused Url ("https://www.springer.com/gp/book/9783540205883")

@article{yurtsever_survey_2020,
  title = {A {{Survey}} of {{Autonomous Driving}}: {{Common Practices}} and {{Emerging Technologies}}},
  shorttitle = {A {{Survey}} of {{Autonomous Driving}}},
  author = {Yurtsever, E. and Lambert, J. and Carballo, A. and Takeda, K.},
  date = {2020},
  journaltitle = {IEEE Access},
  volume = {8},
  pages = {58443--58469},
  doi = {10.1109/ACCESS.2020.2983149},
  eventtitle = {{{IEEE Access}}}
}
% == BibLateX quality report for yurtsever_survey_2020:
% Unexpected field 'eventtitle'
% ? Title looks like it was stored in title-case in Zotero
% ? unused ISSN ("2169-3536")
% ? unused Library catalog ("IEEE Xplore")

@inproceedings{zeng_dsdnet_2020,
  title = {{{DSDNet}}: {{Deep}} Structured Self-Driving Network},
  booktitle = {Computer Vision – {{ECCV}} 2020},
  author = {Zeng, Wenyuan and Wang, Shenlong and Liao, Renjie and Chen, Yun and Yang, Bin and Urtasun, Raquel},
  editor = {Vedaldi, Andrea and Bischof, Horst and Brox, Thomas and Frahm, Jan-Michael},
  date = {2020},
  series = {Lecture {{Notes}} in {{Computer Science}}},
  volume = {12366},
  pages = {156--172},
  publisher = {{Springer International Publishing}},
  location = {{Cham, Schweiz}}
}
% == BibLateX quality report for zeng_dsdnet_2020:
% ? Unsure about the formatting of the booktitle
% ? unused ISBN ("978-3-030-58589-1")

@inproceedings{zhan_non-conservatively_2016,
  title = {A Non-Conservatively Defensive Strategy for Urban Autonomous Driving},
  booktitle = {International {{Conference}} on {{Intelligent Transportation Systems}}},
  author = {Zhan, W. and Liu, C. and Chan, C. Y. and Tomizuka, M.},
  date = {2016-11},
  pages = {459--464},
  publisher = {{IEEE}},
  location = {{Rio de Janeiro, Brasilien}},
  doi = {10.1109/ITSC.2016.7795595}
}
% == BibLateX quality report for zhan_non-conservatively_2016:
% ? Unsure about the formatting of the booktitle
% ? unused Library catalog ("IEEE Xplore")

@article{zhang_10_years_ros_2017,
  title = {Powering the World’s Robots—10 Years of {{ROS}}},
  author = {Zhang, Lin and Merrifield, Robert and Deguet, Anton and Yang, Guang-Zhong},
  date = {2017-10-25},
  journaltitle = {Science Robotics},
  volume = {2},
  number = {11},
  pages = {1--5},
  doi = {10.1126/scirobotics.aar1868},
  langid = {english}
}
% == BibLateX quality report for zhang_10_years_ros_2017:
% ? unused ISSN ("2470-9476")
% ? unused Library catalog ("robotics.sciencemag.org")
% ? unused Url ("https://robotics.sciencemag.org/content/2/11/eaar1868")

@article{ziegler_making_2014,
  title = {Making {{Bertha Drive}} – {{An Autonomous Journey}} on a {{Historic Route}}},
  author = {Ziegler, J. and Bender, P. and Schreiber, M. and Lategahn, H. and Strauss, T. and Stiller, C. and Dang, T. and Franke, U. and Appenrodt, N. and Keller, C. G. and Kaus, E. and Herrtwich, R. G. and Rabe, C. and Pfeiffer, D. and Lindner, F. and Stein, F. and Erbs, F. and Enzweiler, M. and Knoppel, C. and Hipp, J. and Haueis, M. and Trepte, M. and Brenk, C. and Tamke, A. and Ghanaat, M. and Braun, M. and Joos, A. and Fritz, H. and Mock, H. and Hein, M. and Zeeb, E.},
  date = {2014-04-23},
  journaltitle = {IEEE Intelligent Transportation Systems Magazine},
  volume = {6},
  number = {2},
  pages = {8--20},
  doi = {10.1109/MITS.2014.2306552},
  annotation = {00182}
}
% == BibLateX quality report for ziegler_making_2014:
% ? Title looks like it was stored in title-case in Zotero
% ? unused ISSN ("1939-1390")
% ? unused Library catalog ("IEEE Xplore")

@inproceedings{ziegler_trajectory_2014,
  title = {Trajectory Planning for {{Bertha}} – {{A}} Local, Continuous Method},
  booktitle = {Intelligent {{Vehicles Symposium}}},
  author = {Ziegler, J. and Bender, P. and Dang, T. and Stiller, C.},
  date = {2014-06},
  pages = {450--457},
  publisher = {{IEEE}},
  location = {{Dearborn, MI, USA}},
  doi = {10.1109/IVS.2014.6856581},
  annotation = {00063}
}
% == BibLateX quality report for ziegler_trajectory_2014:
% ? Unsure about the formatting of the booktitle
% ? unused Library catalog ("IEEE Xplore")


