@inproceedings{tas,
  title = {{Functional System Architectures towards Fully Automated Driving}},
  author = {Ta\c{s}, {\"O}mer {\c{S}}ahin and Kuhnt, Florian and Z{\"{o}}llner, J. Marius and Stiller, Christoph},
  booktitle={Proceedings of the IEEE Intelligent Vehicle Symposium (IV)},
  year={2016},
  month = {June},
  address = {Gothenburg, Sweden}
}

@inproceedings{ros,
title = {{Robot Operating System: A Modular Software Framework for Automated Driving}},
author = {Hellmund, Andr\'e-Marcel and Wirges, Sascha and Ta\c{s}, {\"O}mer {\c{S}}ahin and Bandera, Claudio and Salscheider, Niels Ole},
booktitle = {Proceedings of the IEEE Intelligent Transportation Systems Conference (ITSC)},
year = {2016},
month = {November},
address = {Rio de Janeiro, Brazil}
}


